<record><leader>00000cas a2200000 i 4500</leader><controlfield tag="001">914891099</controlfield><controlfield tag="006">m     o  d        </controlfield><controlfield tag="007">cr |||||||||||</controlfield><controlfield tag="008">150728d18671uuuiluwr neo     0    0eng c</controlfield><datafield ind1=" " ind2=" " tag="010"><subfield code="a">  2015263149</subfield></datafield><datafield ind1=" " ind2=" " tag="040"><subfield code="a">TXA</subfield><subfield code="b">eng</subfield><subfield code="e">rda</subfield><subfield code="e">pn</subfield><subfield code="c">TXA</subfield><subfield code="d">TXA</subfield><subfield code="d">UAB</subfield><subfield code="d">OCL</subfield></datafield><datafield ind1=" " ind2=" " tag="042"><subfield code="a">pcc</subfield></datafield><datafield ind1=" " ind2=" " tag="043"><subfield code="a">n-us-il</subfield></datafield><datafield ind1=" " ind2=" " tag="090"><subfield code="a">AP2</subfield><subfield code="b">.L53744</subfield></datafield><datafield ind1="0" ind2=" " tag="130"><subfield code="a">Liberal (Galesburg, Ill. : Online)</subfield></datafield><datafield ind1="1" ind2="4" tag="245"><subfield code="a">The liberal.</subfield></datafield><datafield ind1=" " ind2=" " tag="260"><subfield code="a">Galesburg, [Illinois] :</subfield><subfield code="b">Stephe R. Smith</subfield></datafield><datafield ind1=" " ind2=" " tag="300"><subfield code="a">1 online resource.</subfield></datafield><datafield ind1=" " ind2=" " tag="310"><subfield code="a">Weekly</subfield></datafield><datafield ind1=" " ind2=" " tag="336"><subfield code="a">text</subfield><subfield code="b">txt</subfield><subfield code="2">rdacontent</subfield></datafield><datafield ind1=" " ind2=" " tag="337"><subfield code="a">computer</subfield><subfield code="b">c</subfield><subfield code="2">rdamedia</subfield></datafield><datafield ind1=" " ind2=" " tag="338"><subfield code="a">online resource</subfield><subfield code="b">cr</subfield><subfield code="2">rdacarrier</subfield></datafield><datafield ind1="1" ind2=" " tag="362"><subfield code="a">Print began with v. 1, no. 1 (Sept. 3, 1867).</subfield></datafield><datafield ind1=" " ind2=" " tag="588"><subfield code="a">Description based on: New Series, Vol. 1, no. 11 (September 17, 1870); title from banner (ebscohost, viewed July 27, 2015).</subfield></datafield><datafield ind1=" " ind2=" " tag="588"><subfield code="a">Latest issue consulted: New Series, Vol. 1, no. 11 (September 17, 1870) (ebscohost, viewed July 27, 2015).</subfield></datafield><datafield ind1=" " ind2="0" tag="651"><subfield code="a">Galesburg (Ill.)</subfield><subfield code="v">Newspapers.</subfield></datafield><datafield ind1=" " ind2="0" tag="651"><subfield code="a">Galesburg (Ill.)</subfield><subfield code="x">History</subfield><subfield code="y">19th century</subfield><subfield code="v">Sources.</subfield></datafield><datafield ind1=" " ind2="7" tag="651"><subfield code="a">Illinois</subfield><subfield code="z">Galesburg.</subfield><subfield code="2">fast</subfield><subfield code="0">(OCoLC)fst01202787</subfield></datafield><datafield ind1=" " ind2="7" tag="648"><subfield code="a">1800-1899</subfield><subfield code="2">fast</subfield></datafield><datafield ind1=" " ind2="7" tag="655"><subfield code="a">Sources.</subfield><subfield code="2">fast</subfield><subfield code="0">(OCoLC)fst01423900</subfield></datafield><datafield ind1=" " ind2="7" tag="655"><subfield code="a">History.</subfield><subfield code="2">fast</subfield><subfield code="0">(OCoLC)fst01411628</subfield></datafield><datafield ind1=" " ind2="7" tag="655"><subfield code="a">Newspapers.</subfield><subfield code="2">fast</subfield><subfield code="0">(OCoLC)fst01423814</subfield></datafield><datafield ind1=" " ind2="7" tag="655"><subfield code="a">Periodicals.</subfield><subfield code="2">rbgenr</subfield></datafield><datafield ind1=" " ind2=" " tag="752"><subfield code="a">United States</subfield><subfield code="b">Illinois</subfield><subfield code="c">Knox</subfield><subfield code="d">Galesburg.</subfield></datafield><datafield ind1="0" ind2="8" tag="776"><subfield code="i">Print version:</subfield><subfield code="t">Liberal (Galesburg, Ill.)</subfield><subfield code="w">(DLC)sn2005062002</subfield><subfield code="w">(OCoLC)57482972</subfield></datafield><datafield ind1="4" ind2="0" tag="856"><subfield code="u">http://www.ebscohost.com</subfield></datafield></record>